<?xml version="1.0" encoding="UTF-8"?><collection xmlns="http://www.loc.gov/MARC21/slim"><record><leader>00496nam--2200121-i-4500</leader><controlfield tag="001">000014565</controlfield><controlfield tag="002">20161230</controlfield><controlfield tag="005">20161230201030</controlfield><controlfield tag="008">060222s1000------------r-----000-0-eng-d</controlfield><datafield ind1=" " ind2=" " tag="080"><subfield code="a">614.876:621.039.7</subfield></datafield><datafield ind1=" " ind2=" " tag="245"><subfield code="a">Decommissioning of nuclear facilities:decontam ination, disassembly and waste management. rep ort of a technical committies meeting. techniq ues for decontamination and decommissioning of nuclear facilities and the management of waste</subfield></datafield><datafield ind1=" " ind2=" " tag="260"><subfield code="a">Vienna, Iaea, 1983. 79 P</subfield></datafield><datafield ind1=" " ind2=" " tag="852"><subfield code="a">1875</subfield></datafield></record></collection>